@MISC{amsmath,
author = "CTAN",
title = "amsmath â€“ AMS mathematical facilities for LaTeX",
year = "2022",
howpublished={url{https://ctan.org/pkg/amsmath}}
}