@GLOSSDEF{API, word = "API", definition ="Application Programming Interface, programa que sirve de interfaz para intercambiar datos o funciones con otros programas"}

@GLOSSDEF{DDC, word = "DDC", definition ="Digital Down Convertion, es el proceso de llevar a banda base una se\~nal digital, que se encontraba en IF"}

@GLOSSDEF{DUC, word = "DUC", definition ="Digital Up Convertion, es el proceso de llevar a IF una se\~nal digital, que se encontraba en banda base"}