@misc{amsmath,
  author = {CTAN},
  title = {amsmath – AMS mathematical facilities for LaTeX},
  year = {2008},
  howpublished  = "\url{https://www.ctan.org/pkg/amsmath}",
  note = "[Online; accedido 6-Julio-2022]"
}
@misc{amsfonts,
  author = {CTAN},
  title = {amsfonts – TEX fonts from the American Mathematical Society},
  year = {2013},
  howpublished  = "\url{https://www.ctan.org/pkg/amsfonts}",
  note = "[Online; accedido 6-Julio-2022]"
}
@misc{amssymb,
  author = {American Mathematical Society},
  title = {The amssymb package},
  year = {2013},
  howpublished  = "\url{https://mirror.las.iastate.edu/tex-archive/fonts/amsfonts/doc/amssymb.pdf}",
  note = "[Online; accedido 6-Julio-2022]"
}
@misc{graphicx,
  author = {CTAN},
  title = {graphicx – Enhanced support for graphics},
  year = {2011},
  howpublished  = "\url{https://www.ctan.org/pkg/graphicx}",
  note = "[Online; accedido 6-Julio-2022]"
}
@misc{pdfpages,
  author = {CTAN},
  title = {pdfpages – Include PDF documents in LATEX},
  year = {2022},
  howpublished  = "\url{https://www.ctan.org/pkg/pdfpages}",
  note = "[Online; accedido 6-Julio-2022]"
}
@misc{setspace,
  author = {CTAN},
  title = {setspace – Set space between lines},
  year = {2009},
  howpublished  = "\url{https://www.ctan.org/pkg/setspace}",
  note = "[Online; accedido 6-Julio-2022]"
}
@misc{xltxtra,
  author = {CTAN},
  title = {xltxtra – “Extras” for LATEX users of XETEX},
  year = {2019},
  howpublished  = "\url{https://www.ctan.org/pkg/xltxtra}",
  note = "[Online; accedido 6-Julio-2022]"
}
@misc{enumitem,
  author = {CTAN},
  title = {enumitem – Control layout of itemize, enumerate, description},
  year = {2009},
  howpublished  = "\url{https://www.ctan.org/pkg/enumitem}",
  note = "[Online; accedido 6-Julio-2022]"
}
@misc{fixltx2e,
  author = {CTAN},
  title = {fixltx2e – Patches for LATEX},
  year = {2016},
  howpublished  = "\url{https://www.ctan.org/pkg/fixltx2e}",
  note = "[Online; accedido 6-Julio-2022]"
}
@misc{xifthen,
  author = {CTAN},
  title = {xifthen – Extended conditional commands},
  year = {2016},
  howpublished  = "\url{https://www.ctan.org/pkg/xifthen}",
  note = "[Online; accedido 6-Julio-2022]"
}
@misc{xargs,
  author = {CTAN},
  title = {xargs – Define commands with many optional arguments},
  year = {2008},
  howpublished  = "\url{https://www.ctan.org/pkg/xargs}",
  note = "[Online; accedido 6-Julio-2022]"
}
@misc{booktabs,
  author = {CTAN},
  title = {booktabs – Publication quality tables in LATEX},
  year = {2020},
  howpublished  = "\url{https://www.ctan.org/pkg/booktabs}",
  note = "[Online; accedido 6-Julio-2022]"
}
@misc{multirow,
  author = {CTAN},
  title = {multirow – Create tabular cells spanning multiple rows},
  year = {2021},
  howpublished  = "\url{https://www.ctan.org/pkg/multirow}",
  note = "[Online; accedido 6-Julio-2022]"
}